% Bibliografía

% Este fichero contiene la bibliografía de la memoria
% Está en un formato que se conoce como BibTex.
% Hay muchos sitios web que exportan referencias en formato BibTeX. 
% Prueba a buscar en http://scholar.google.com por referencias
% y verás que lo puedes hacer de manera sencilla.
% Más información: 
% http://texblog.org/2014/04/22/using-google-scholar-to-download-bibtex-citations/

% Existen varias posibilidades para referenciar diferentes tipos de documentos,
% ya que los datos necesarios varían. Así, existen formatos de entrada para
%     * libros (book)
%     * artículos en revistas de investigación (article)
%     * capítulos de libro (incollection)
%     * informes técnicos (techreport)
%     * otros (misc)
%
% Las páginas web deberían ir como misc.

% Una última cosa: no referencias nunca la WikiPedia
% La WikiPedia, como buena enciclopedia, no es fuente primaria.
% Si acaso, busca por citas en la WikiPedia (que sí ha de referenciar fuentes
% primarias) y haz referencia a las mismas.

************  GITHUB  ************
@inproceedings{lopez2015github,
  title={GitHub como herramienta docente},
  author={Lopez-Pellicer, Francisco J and B{\'e}jar, Rub{\'e}n and Latre, Miguel A and Nogueras-Iso, Javier and Zarazaga-Soria, Francisco Javier},
  booktitle={Actas de las XXI Jornadas de la Ense{\~n}anza Universitaria de la Inform{\'a}tica},
  pages={66--73},
  year={2015},
  organization={Universitat Oberta La Salle}
}

@article{astigarraga2022se,
  title={!` Se puede entender c{\'o}mo funcionan Git y GitHub!},
  author={Astigarraga, Julen and Cruz-Alonso, Ver{\'o}nica},
  journal={Ecosistemas},
  volume={31},
  number={1},
  pages={2332--2332},
  year={2022}
}

************  MONGO DB  ************
@book{usaola2015mongodb,
  title={MongoDB: gesti{\'o}n, administraci{\'o}n y desarrollo de aplicaciones},
  author={Usaola, Macario Polo},
  year={2015},
  publisher={Macario Polo Usaola}
}

************   JSON   ************
@techreport{bray2014javascript,
  title={The javascript object notation (json) data interchange format},
  author={Bray, Tim},
  year={2014}
}

@article{mora2016serializacion,
  title={Serializaci{\'o}n/deserializaci{\'o}n de objetos y transmisi{\'o}n de datos con JSON: una revisi{\'o}n de la literatura},
  author={Mora-Castillo, Juan Antonio},
  journal={Revista Tecnolog{\'\i}a en Marcha},
  volume={29},
  number={1},
  pages={118--125},
  year={2016},
  publisher={http://creativecommons. org/licenses/by-nc-nd/3.0/}
}

@article{vazquez2016caracteristicas,
  title={Caracter{\'\i}sticas no relacionales de PostgreSQL: incremento del rendimiento en el uso de datos JSON},
  author={Vazquez Ort{\'\i}z, Yudisney and Mier Pierre, Lisleydi and Sotolongo Le{\'o}n, Anthony R},
  journal={Revista Cubana de Ciencias Inform{\'a}ticas},
  volume={10},
  pages={70--81},
  year={2016},
  publisher={Universidad de las Ciencias Inform{\'a}ticas}
}

*************  PYTHON  ************
@article{challenger2014lenguaje,
  title={El lenguaje de programaci{\'o}n Python},
  author={Challenger-P{\'e}rez, Ivet and D{\'\i}az-Ricardo, Yanet and Becerra-Garc{\'\i}a, Roberto Antonio},
  journal={Ciencias Holgu{\'\i}n},
  volume={20},
  number={2},
  pages={1--13},
  year={2014},
  publisher={Centro de Informaci{\'o}n y Gesti{\'o}n Tecnol{\'o}gica de Holgu{\'\i}n}
}

@article{rios2016evaluacion,
  title={Evaluaci{\'o}n de los Frameworks en el Desarrollo de Aplicaciones Web con Python},
  author={R{\'\i}os, Jimmy Rolando Molina and Mora, Nancy Magaly Loja and Ord{\'o}{\~n}ez, Mariuxi Paola Zea and Sojos, Erika Lizbeth Loaiza},
  journal={Revista latinoamericana de Ingenieria de Software},
  volume={4},
  number={4},
  pages={201--207},
  year={2016}
}

**************   UBUNTU   **************
@article{tavera2013software,
  title={Software libre (Ubuntu)},
  author={Tavera, Iv{\'a}n Horacio P{\'e}rez and others},
  journal={Vida Cient{\'\i}fica Bolet{\'\i}n Cient{\'\i}fico de la Escuela Preparatoria},
  number={4},
  pages={1},
  year={2013}
}

@article{martinez2006software,
  title={Software libre, Linux y Ubuntu},
  author={Mart{\'\i}nez Juli{\'a}, Pedro},
  journal={Eubacteria, n{\textordmasculine} 17 (2006)},
  year={2006},
  publisher={Murcia: Universidad de Murcia, Asociaci{\'o}n Oficina Verde de la UMU}
}
**************    WSL   **************
@article{medriforensic,
  title={Forensic analysis of Windows Subsystem for Linux on Windows 11},
  author={Medri, Sander}
}

**************   LATEX   **************
@article{rodriguez2014edicion,
  title={Edici{\'o}n de textos cient{\'\i}ficos en LATEX},
  author={Rodr{\'\i}guez, Kendall Eduardo and Delgado, Jos{\'e} Andr{\'e}s},
  year={2014},
  publisher={Instituto Tecnol{\'o}gico de Costa Rica}
}

**************  GRIMOIRELAB-PERCEVAL  **************
@article{duenas2021grimoirelab,
  title={GrimoireLab: A toolset for software development analytics},
  author={Due{\~n}as, Santiago and Cosentino, Valerio and Gonzalez-Barahona, Jesus M and San Felix, Alvaro del Castillo and Izquierdo-Cortazar, Daniel and Ca{\~n}as-D{\'\i}az, Luis and Garc{\'\i}a-Plaza, Alberto P{\'e}rez},
  journal={PeerJ Computer Science},
  volume={7},
  pages={e601},
  year={2021},
  publisher={PeerJ Inc.}
}
@inproceedings{duenas2018perceval,
  title={Perceval: software project data at your will},
  author={Due{\~n}as, Santiago and Cosentino, Valerio and Robles, Gregorio and Gonzalez-Barahona, Jesus M},
  booktitle={Proceedings of the 40th International Conference on Software Engineering: Companion Proceeedings},
  pages={1--4},
  year={2018}
}

**************  BOXPLOT  **************
@article{neto2017boxplot,
  title={Boxplot: um recurso gr{\'a}fico para a an{\'a}lise e interpreta{\c{c}}{\~a}o de dados quantitativos},
  author={Neto, Jos{\'e} Valladares and dos Santos, Cristiane Barbosa and Torres, {\'E}rica Miranda and Estrela, Carlos},
  journal={Revista Odontol{\'o}gica do Brasil Central},
  volume={26},
  number={76},
  year={2017}
}

----------------------------------------------------------------------------------------------------------------------------------
----------------------------------------------------------------------------------------------------------------------------------
@Book{bonabeau:_swarm,
  author = 	 {Eric Bonabeau and Marco Dorigo and Guy Theraulaz},
  title = 	 {Swarm Intelligence: From Natural to Articial Systems},
  publisher = 	 {Oxford University Press, Inc.},
  year = 	 1999
}

@Article{parnas72:_modules,
 author = {David L. Parnas},
 title = {On the criteria to be used in decomposing systems into modules},
 journal = CACM,
 volume = 15,
 year = 1972,
 pages = {1053-1058}
}

@InCollection{GBarahona04:_debian,
   author =       {González-Barahona, Jesús M. and Robles, Gregorio and
                   Ortuño Pérez, Miguel and Rodero-Merino, Luis and
                   Centeno González, José and Matellan-Olivera, Vicente and
                   Castro-Barbero, Eva and de-las-Heras-Quirós, Pedro},
   title =        {Analyzing the anatomy of {GNU/L}inux distributions:
                   methodology and case studies ({R}ed {H}at and {D}ebian)},
   pages =        {27-58},
   editor =       {Koch, Stefan},
   booktitle =    {Free/Open Source Software Development},
   publisher =    {Idea Group Publishing},
   address =      {Hershey, Pennsylvania, USA},
   year =         {2004},
}

@TechReport{ghosh02:_developer_survey,
  author = 	 {Rishab Aiyer Ghosh and Ruediger Glott and Bernhard Krieger and Gregorio Robles},
  title = 	 {Survey of Developers (Free/Libre and Open Source Software: Survey and Study)},
  institution =  {International Institute of Infonomics. University of Maastricht},
  year = 	 2002,
  address =	 {The Netherlands},
  month =	 jun,
  note =	 {\\ http://www.infonomics.nl/FLOSS/report}
}

@Misc{wheeler01:_more_than_gigab,
  author =	 {David A. Wheeler},
  title =	 {More Than a Gigabuck: {E}stimating {GNU/L}inux's Size},
  month =	 jun,
  year =	 2001,
  note =	 {\\ http://www.dwheeler.com/sloc/redhat71-v1/redhat71sloc.html}
}

@inproceedings{robles2005self,
  title={Self-organized development in libre software:
         a model based on the stigmergy concept},
  author={Robles, Gregorio and Merelo, Juan Juli\'an 
          and Gonz\'alez-Barahona, Jes\'us M.},
  booktitle={ProSim'05},
  year={2005}
}

